% This file was created with JabRef 2.6.
% Encoding: UTF8

@book{knuth1,
	author = {D. Knuth},
	title = {The Art of Computer Programming, Volume 1, Fundamental Algorithms},
	edition = {second},
	volume = {1},
	publisher = {Addison-Wesley},
	year = {2005},
	hyphenation = {english}

}

@book{knuth3,
	author = {D. Knuth},
	title = {The Art of Computer Programming, Volume 3, Sorting and Searching},
	edition = {second},
	volume = {3},
	publisher = {Addison-Wesley},
	year = {2005},
	hyphenation = {english}

}

@book{sedgewik,
	author = {R. Sedgewik},
	title = {Algoritmy v C: základy, datové struktury, třídění, vyhledávání},
	publisher = {Praha, Softpress},
	year = {2003}
}

@book{cormen,
	author = {T. H. Cormen and C. E. Leiserson and D. L. Rivest and C. Stein},
	title = {Introduction to algorithms},
	publisher = {MIT Press},
	year = {2001},
	hyphenation = {english}
}

@book{sipser,
	author = {M. Sipser},
	title = {Introduction to the Theory of Computation},
	publisher = {PWS Publishing Company, Boston, MA},
	year = {1997},
	hyphenation = {english}
}

@book{alm1,
	title = {Algoritmická matematika 1},
	author = {R. Bělohlávek},
	publisher = {Katedra informatiky, Univerzita Palackeho v Olomouci},
	url = {http://belohlavek.inf.upol.cz/vyuka/algoritmicka-matematika-1-1.pdf},
	hyphenation = {czech}
}

@online{wiki,
	title = {Wikipedia},
	url = {https://www.wikipedia.org/},
	hyphenation = {english}
}

@online{stackoverflow,
	title = {stackoverflow},
	url = {https://stackoverflow.com/}
}

@online{geeks,
	title = {GeeksforGeeks},
	url = {https://www.geeksforgeeks.org/},
	hyphenation = {english}
}

@online{java,
	title = {Java documentation},
	url = {https://docs.oracle.com/javase/8/},
}

%@ONLINE{t00,
%  editor = {Bratková, Eva},
%  editortype={compiler},
%  title =  {Metody citování literatury a strukturování bibliografických záznamů podle mezinárodních norem ISO 690 a ISO 690-2}, 
%  subtitle = {metodický materiál pro autory vysokoškolských kvalifikačních prací}, edition = {Verze 2.0, aktualiz. a rozšíř.}, 
%  location = {Praha},
%  publisher = {Odborná komise pro otázky elektronického zpřístupňování vysokoškolských kvalifikačních prací, Asociace knihoven vysokých škol ČR},
%  date = {2008-12-22},
%  pagetotal = {60}, 
%  url = {http://www.evskp.cz/SD/4c.pdf},
%  urldate = {2011-02-02},
%  hyphenation={czech} 
%}

%@BOOK{t01,
%  author = {Borgman, Christine L.}, 
%  year={2003},
%  title = {From Gutenberg to the global information infrastructure}, 
%  subtitle = {access to information in the networked world},
%  edition= {first},
%  location = {Cambridge (Mass)}, 
%  publisher = {The MIT Press},
%  pagetotal =  {xviii, 324},
%  isbn =  {0-262-52345-0},
%  hyphenation={english}
%}
%
%@INCOLLECTION{t02,
%  author = {Greenberg, David}, 
%  year = {1998},
%  title = {Camel drivers and gatecrashers},
%  subtitle = {quality control in the digital research library},
%  editor = {Hawkins, B.L and Battin, P},
%  booktitle = {The mirage of continuity},
%  booksubtitle = {reconfiguring academic information resources for the 21st  century}, 
%  location = {Washington (D.C.)}, 
%  publisher = {Council on Library and Information Resources; Association of American Universities}, 
%  pages = {105-116},
%  hyphenation = {english}
%}
%
%@ARTICLE{t03,
%  author = {LYNCH, C.},
%  year = {2005},
%  title = {Where do we go from here?},
%  subtitle = {the next decade for digital libraries},
%  journaltitle = {DLib Magazine},
%  volume =  {11},
%  number = {7/8},
%  urldate ={2005-08-15},
%  url = {http://www.dlib.org/dlib/july05/lynch/07lynch.html}, 
%  issn = {1082-9873},
%  hyphenation = {english} 
%}
%
%@ARTICLE{cr,
%  author = {{Národní knihovna}},
%  title = {A big paper},
%  journaltitle = {The journal of big papers},
%  year = {1991},
%  volume = {12},
%  number = {3},
%  issn={2232-332X},
%  hyphenation={english}
%}
%
%@BOOK{kniha,
%  title = {A big paper},
%  subtitle={Podtitul},
%  publisher = {Academia},
%  year = {1991},
%  author = {Děťa, Hugh and Rychlík, Tomáš},
%  edition = {2},
%  pagetotal = {550},
%  location = {Praha},
%  series={Pokusná edice},
%  isbn={978-44-55-X},
%  url={http://pokus.cz},
%  comment={Dostupné také z WWW},
%  urldate = {2011-01-12},
%  hyphenation={czech}
%}
%
%@BOOK{kniha2,
%  title = {Úplně úžasná knížka},
%  year = {1991},
%  author = {Děťa, Hugh and Rychlík, Tomáš and Další, Pepa and Spousta, Pepa and Skoro, Moc and Ale, Nestačí and Hodně},
%  edition = {3},
%  address = {Praha},
%  hyphenation={czech}
%}
%
%@BOOK{kniha3,
%  title = {Úplně úžasná knížka},
%  year = {1991},
%  author = {Děťa, Hugh and Rychlík, Tomáš and Další, Pepa and Spousta, Pepa and Skoro, Moc and Ale, Nestačí and Hodně},
%  edition = {3},
%  publisher={MIT Press},
%  address = {Praha},
%  pagetotal={332},
%  hyphenation={english}
%}
%
%@ARTICLE{small,
%  author = {Freely, I.P.},
%  title = {A small paper},
%  subtitle = {Podtitulek},
%  journaltitle = {The journal of small papers},
%  year = {1997},
%  volume = {1},
%  note = {to appear},
%  pages={2-5},
%  number={3},
%  hyphenation={czech}
%}
%
%@ARTICLE{big,
%  author = {Jass, Hugh},
%  title = {A big paper},
%  journal = {The journal of big papers},
%  year = {1991},
%  volume = {23}
%}
%
%@ARTICLE{cs,
%  author = {Černý, Hugh},
%  title = {Titulek},
%  journal = {The journal of big papers},
%  year = {1991},
%  volume = {12},
%  pages = {22-44},
%  doi = {10.112.22/jkn},
%  number = {2},
%}
%
%@BOOK{koll,
%  author = {Kollmannová, Ludmila and Bubeniková, Libuše and Kopecká, Alena},
%  title = {Angličtina pro samouky}, 
%  edition = {5},
%  location = {Praha}, 
%  publisher = {Státní pedagogické nakladatelství}, 
%  year = {1977}, 
%  pagetotal = {525},
%  series = {Učebnice pro samouky},
%  isbn = {80-04-25663-5}
%}
%
%@INBOOK{kap,
%  author = {Novotná, Pepina},
%  title = {Podkapitola},
%  pages = {22-29},
%  chapter = {2.},
%  crossref = {koll}
%}
%
%@PERIODICAL{tug,
%  journaltitle = {TUGBoat},
%  publisher = {TUG},
%  issn = {1222-3333},
%  hyphenation = {english},
%  year={1980-},
%  skipbib={true},
%  url={http://tugboat.tug.org/}
%}
%
%@ARTICLE{knuth,
%  author = {Knuth, Donald},
%  title = {Journeys of \TeX},
%  volume = {17},
%  number = {3},
%  year = {2003},
%  pages = {12-22},
%  url = {http://tugboat.tug.org/kkk.pdf},
%  crossref={tug}
%}
%
%@COLLECTION{sbornik,
%title = {Mimořádně užitečný sborník},
%editor = {Geniální, Jiří},
%year = {2007},
%hyphenation = {czech},
%location = {Praha},
%publisher = {Academia},
%isbn = {978-222-626-222-2}
%}
%@INCOLLECTION{prispevek1,
%crossref = {sbornik},
%title = {Velmi zajímavý článek},
%author = {Vlaštovka, Josef},
%pages = {22-45}
%}
